<record><leader>00000cas a22000007a 4500</leader><controlfield tag="001">8814885</controlfield><controlfield tag="008">820928d18851901iaudr ne      0    0eng  </controlfield><controlfield tag="009">466</controlfield><datafield ind1=" " ind2=" " tag="010"><subfield code="a">sn 82015847 </subfield></datafield><datafield ind1=" " ind2=" " tag="040"><subfield code="a">DLC</subfield><subfield code="b">eng</subfield><subfield code="c">DLC</subfield><subfield code="d">NPX</subfield><subfield code="d">INP</subfield><subfield code="d">DLC</subfield><subfield code="d">INP</subfield></datafield><datafield ind1="1" ind2=" " tag="029"><subfield code="a">AU@</subfield><subfield code="b">000025834594</subfield></datafield><datafield ind1=" " ind2=" " tag="042"><subfield code="a">msc</subfield></datafield><datafield ind1="0" ind2="0" tag="050"><subfield code="a">Newspaper 7788</subfield></datafield><datafield ind1="0" ind2=" " tag="130"><subfield code="a">Dubuque daily herald (Dubuque, Iowa : 1885)</subfield></datafield><datafield ind1="0" ind2="0" tag="245"><subfield code="a">Dubuque daily herald.</subfield></datafield><datafield ind1="0" ind2="0" tag="246"><subfield code="a">Dubuque Sunday herald</subfield></datafield><datafield ind1="0" ind2="7" tag="246"><subfield code="a">Dubuque herald</subfield></datafield><datafield ind1=" " ind2=" " tag="260"><subfield code="a">Dubuque, Iowa :</subfield><subfield code="b">M.M. Ham,</subfield><subfield code="c">1885-</subfield></datafield><datafield ind1=" " ind2=" " tag="300"><subfield code="a">v. :</subfield><subfield code="b">ill. (chiefly advertisements) ;</subfield><subfield code="c">60 cm.</subfield></datafield><datafield ind1=" " ind2=" " tag="310"><subfield code="a">Daily</subfield></datafield><datafield ind1="0" ind2=" " tag="362"><subfield code="a">Vol. 32, no. 11,735 (Jan. 1, 1885)-</subfield></datafield><datafield ind1="1" ind2=" " tag="362"><subfield code="a">Ceased with Oct. 25, 1901 issue.</subfield></datafield><datafield ind1=" " ind2=" " tag="500"><subfield code="a">Sunday edition called: Dubuque Sunday herald.</subfield></datafield><datafield ind1=" " ind2=" " tag="500"><subfield code="a">"Official paper of the city and county."</subfield></datafield><datafield ind1=" " ind2=" " tag="500"><subfield code="a">May 9, 1886 issue includes illustration of "Dubuque and its railroads and river connections."</subfield></datafield><datafield ind1=" " ind2=" " tag="500"><subfield code="a">Dec. 15, 1887 issue includes illustration of "Dubuque's direct railroad connections."</subfield></datafield><datafield ind1=" " ind2=" " tag="530"><subfield code="a">Also available on microfilm from Bell &amp; Howell Co., Micro Photo Division.</subfield></datafield><datafield ind1=" " ind2=" " tag="752"><subfield code="a">United States</subfield><subfield code="b">Iowa</subfield><subfield code="c">Dubuque</subfield><subfield code="d">Dubuque.</subfield></datafield><datafield ind1="0" ind2=" " tag="775"><subfield code="t">Dubuque weekly herald (Dubuque, Iowa : 1889)</subfield><subfield code="w">(DLC)sn 86061149</subfield></datafield><datafield ind1="0" ind2="0" tag="780"><subfield code="t">Dubuque herald (Dubuque, Iowa : 1872 : Daily)</subfield><subfield code="w">(DLC)sn 84027135</subfield></datafield><datafield ind1="0" ind2="7" tag="785"><subfield code="t">Dubuque daily telegraph</subfield><subfield code="w">(DLC)sn 86061150</subfield></datafield><datafield ind1="0" ind2="7" tag="785"><subfield code="t">Dubuque telegraph-herald (Dubuque, Iowa : 1901 : Daily)</subfield><subfield code="w">(DLC)sn 86061151</subfield></datafield></record>